@manual{a:orcshot,
	author="Hofman, Rutger",
	title="{Orcshot: Upshot for Orca objects}",
	organization="Vrije Universiteit, Orca Project",
	year="1995"
}

@article{b:bal-programming,
	author="Bal, Henri E.",
	title="{Programming Distributed Systems}",
	publisher="{Prentice Hall}",
	year="1991"
}

@article{ai:mack,
	author="Mackworth, Alan K.",
	title="Consistency in Networks of Relations",
	journal="Artificial Intelligence",
	volume="8",
	pages="99-118",
	year="1977"
}

@phdthesis{bal:thesis,
	author="Bal, Henri E.",
	title="{The shared data-object model as a pardigm for programming
	distributed systems}",
	school="Vrije Universiteit",
	year="1989"
}

@article{amoeba,
	author="Tanenbaum, Andrew S. and Kaashoek, M. F. and
	van Renesse, Robbert and Bal, H. E.",
	journal="Computer Communications",
	title="The Amoeba Distributed Operating System-A Status Report",
	volume="14",
	pages="324-335",
	month="Jul/Aug",
	year="1991"
}

@article{flip,
	author={Kaashoek, M. Frans and
	van Renesse, Robbert and
	van Staveren, Hans and
	Tanenbaum, Andrew S.},
	title="FLIP: an Internetwork Protocol for Supporting Distributed
	Systems",
	journal="ACM Transactions on Computer Systems",
	pages="73-106",
	year="1993"
}

@book{book:ai,
	author="Luger, George F. and Stubblefield, William A.",
	title="Artificial intelligence and the design of expert systems",
	publisher="The Benjamin/Cummings Publishing Compagny, Inc.",
	year="1989",
	pages="77-94"
}

@article{article:bobrow,
	author="Bobrow D. G. and Raphael, B.",
	title="New programming languages for AI research",
	journal="Comput. Surv.",
	year="1974",
	volume="6",
	pages="153-174"
}

@inproceedings{article:irina,
	author="Athanasiu, I. and Bal, H. E.",
	title="The Arc Consistency Problem: a Case Study in Parallel
			Programming with Shared Objects",
	booktitle="7th International Conference on Parallel and Distributed
			Computing Systems, Las Vegas, Nevada",
	month="Oct.",
	year="1994",
}

@inproceedings{article:tocs,
	author="Heinzle, H. P. and Bal, H. E. and  Langendoen, K.",
	title="Implementing Object-Based Distributed Shared Memory
		on Transputers",
	booktitle="Transputer Applications and Systems '94",
	editor="De Gloria, A. and Jane, M. R. and Marini, D.",
	publisher="IOS Press",
	month="Sep.",
	year="1994"
}

@inproceedings{article:panda,
	author="Bhoedjang, Raoul and R{\"u}hl, Tim and Hofman, Rutger and
		Langendoen, Koen and Bal, Henri",
	title="Panda: A Portable Platform to Support Parallel Programming
		Languages",
	booktitle="Symposium on Experiences with Distributed and 
		Multiprocessor Systems IV, San Diego",
	month="Sep.",
	pages="213-226",
	year="1993"
}

@inproceedings{article:conrad,
	author="Conrad, James M. and Agrawal, Dharma",
	title="A graph partitioning-based load balancing strategy for a
		distributed memory machine",
	booktitle="Int. Conf. on Distributed Computing Systems,Arlington,
		Texas",
	pages="222-230",
	month="20-24 may",
	year="1991"
}

