@book{Babb:1988,
  editor="Babb, Robert G.",
  title="{Programming Parallel Processors}",
  publisher="{Addison-Wesley}",
  year="1988",
}

@inproceedings{Bal:1986,
  author="Bal, H. E. and {van Renesse}, Robbert",
  title="{Parallel Alpha-Beta Search}",
  booktitle="Proc. NGI - SION Informatica Symposium: stimulerende informatica",
  year="1986",
  pages="379-385",
  month="April",
}

@inproceedings{Bal:1987,
  title="{Implementing Distributed Algorithms Using Remote Procedure Calls}",
  author="Bal, H. E. and {van Renesse}, R. and Tanenbaum, A. S.",
  booktitle="{Proc. AFIPS Nat. Computer Conf.}",
  publisher="{AFIPS Press}",
  volume="56",
  month="June",
  year="1987",
  pages="499--506",
}

@inproceedings{Bal:1988,
  author="Bal, H. E. and Tanenbaum, A. S.",
  title="{Distributed Programming with Shared Data}",
  booktitle="{Proc. IEEE CS 1988 Int. Conf. on Computer Languages}",
  month="October",
  year="1988",
  pages="82--91",
}

@article{Bal:1989,
  author="Bal, H. E. and Steiner, J. G. and Tanenbaum, A. S.",
  title="{Programming Languages for Distributed Computing Systems}",
  journal="{ACM Computing Surveys}",
  volume="21",
  number="3",
  month="September",
  year="1989",
}

@article{Bal:1992,
  author="Bal, H. E. and Kaashoek, M. F. and Tanenbaum, A. S.",
  title="{Orca: A Language for Parallel Programming of Distributed Systems}",
  journal="{IEEE Trans.\ on Software Engineering}",
  volume="18",
  number="3",
  month="March",
  year="1992",
  pages="190--205",
}

@book{Bal:1991:a,
  author="Bal, Henri",
  title="{Programming Distributed Systems}",
  publisher="{Prentice Hall}",
  year="1991",
}

@techreport{Bal:1991:b,
  author="Bal, H. E. and Kaashoek, M. F.",
  title="Data Distribution in Orca Through Compiler Optimization",
  institution="Vrije Universiteit",
  year="1991",
  number="IR-254",
  month="September",
}

@article{Bal:1992:b,
  author="Bal, H. E. and Kaashoek, M. F. and Tanenbaum, A. S. and Jansen, J.",
  title="{Replication Techniques for Speeding up Parallel Applications on Distributed Systems}",
  journal="{Concurrency: Practice \& Experience}",
  year="1992",
  month="August",
  volume="4",
  number="5",
  pages="337-355",
}

@inproceedings{Bal:1993:a,
  author="Bal, Henri E. and Kaashoek, M. Frans",
  title="{Object Distribution in Orca Using Compile-Time and Run-Time Techniques}",
  booktitle="{Proceedings of OOPSLA'93}",
  month="October",
  year="1993",
  pages="162--177",
}

@techreport{Bal:1993:b,
  author="Bal, H. E. and Athanasiu, I.",
  title="{The Arc Consistency Problem: a Case Study in Parallel Programming with Shared Objects}",
  institution="{Department of Mathematics and Computer Science, Vrije Universiteit, Amsterdam}",
  year="1993",
}

@article{Baudet:1978,
  author="Baudet, G. M.",
  title="On the Branching Factor of the Alpha-Beta Pruning Algorithm",
  journal="Artificial Intelligence",
  year="1978",
  volume="10",
  pages="173-199",
}

@inproceedings{Bennett:1990,
  author="Bennett, John K. and Carter, John B. and Zwaenepoel, Willy",
  title="{Munin: Distributed Shared Memory Based on Type-Specific Memory Coherence}",
  booktitle="{Proceedings of the 1990 Conference on Principles and Practice of Parallel Programming}",
  year="1990",
  publisher="ACM Press",
}

@inproceedings{Bhoedjang:1993,
  author="Bhoedjang, Raoul and {R\"{u}hl}, Tim and Hofman, Rutger and Langendoen, Koen and Bal, Henri and Kaashoek, Frans",
  title="{Panda: A Portable Platform to Support Parallel Programming Languages}",
  pages="213--226",
  booktitle="Proc.\ USENIX Symposium on Experiences with Distributed and Multiprocessor Systems",
  month="September",
  year=1993,
}

@inproceedings{Carriero:1986,
  author="Carriero, N. and Gelernter, D. and Leichter, J.",
  title="{Distributed Data Structures in Linda}",
  booktitle="{Proc. 13th ACM Symposium on the Principles of Programming Languages}",
  month="January",
  year="1986",
  pages="236--42",
}

@article{Carriero:1989,
  author="Carriero, Nicholas and Gelernter, David",
  title="{Linda in Context}",
  journal="{Communications of the ACM}",
  volume="32",
  number="4",
  year="1989",
  month="April",
}

@book{Feo:1992,
  editor="Feo, John T.",
  title="{A Comparative Study of Parallel Programming Languages: The Salishan Problems}",
  publisher="{North-Holland}",
  year="1992",
}

@article{Hoare:1981,
  author="Hoare, C. A. R.",
  title="{The Emperor's Old Clothes}",
  journal="{Communications of the ACM}",
  volume="24",
  number="2",
  pages="75--83",
  month="February",
  year="1981",
}

@inproceedings{Kaashoek:1989,
  author="Kaashoek, M. Frans and Bal, Henri E. and Tanenbaum, Andrew S.",
  title="{Experience with the Distributed Data Structure Paradigm in Linda}",
  booktitle="{USENIX Workshop on Experiences with Building Distributed and Multiprocessor Systems}",
  month="October",
  year="1989",
  pages="175--191",
}

@phdthesis{Kaashoek:1992,
  author="Kaashoek, M. F.",
  title="{Group Communication in Distributed Computer Systems}",
  school="{Department of Mathematics and Computer Science, Vrije Universiteit, Amsterdam}",
  year="1992",
}

@article{Knuth:1975,
  author="Knuth, D. E. and Moore, R. W.",
  title="An Analysis of Alpha-Beta Pruning",
  journal="Artificial Intelligence",
  year="1975",
  volume="6",
  pages="293--326",
}

@article{Lam:1992,
  author="Lam, L. and Lee, S-W. and Suen, C. Y.",
  title="{Thinning Methodologies---A Comprehensive Survey}",
  journal="{IEEE Transactions on Pattern Analysis and Machine Intelligence}",
  volume="14",
  number="9",
  month="September",
  year="1992",
  pages="869--84",
}

@article{Lamport:1979,
  author="Lamport, Leslie",
  title="{How to Make a Multiprocessor Computer That Correctly Executes Multiprocess Programs}",
  journal="{IEEE Transactions on Computers}",
  volume="C-28",
  number="9",
  month="September",
  year="1979",
}

@article{Li:1989,
  author="Li, Kai and Hudak, Paul",
  title="{Memory Coherence in Shared Virtual Memory Systems}",
  journal="{ACM Transactions on Computer Systems}",
  volume="7",
  number="4",
  month="November",
  year="1989",
}

@article{Marsland:1985,
  author="Marsland, R. A.  and Popowich, F.",
  title="{Parallel Game-Tree Search}",
  journal="{IEEE Transactions on Pattern Analysis and Machine Intelligence}",
  month="July",
  year="1985",
  volume="7",
  number="4",
  pages="442--452",
}

@article{Mollison:1977,
  author="Mollison, D.",
  title="{Spatial Contact Models for Ecological and Epidemic Spread}",
  journal="{Proceedings of the Royal Statistical Society}",
  year="1977",
  volume="B",
  number="39(3)",
  pages="283-326",
}

@article{Mosberger:1993,
  author="Mosberger, D.",
  title="{Memory Consistency Models}",
  journal="{ACM Operating Systems Research Letters}",
  month="January",
  year="1993",
  pages="18--26",
}

@article{Mullender:1990,
  author="Mullender, S. J. and {van Rossum}, G. and Tanenbaum, A. S. and {van Renesse}, R. and {van Staveren}, H.",
  title="{Amoeba---A Distributed Operating System for the 1990s}",
  journal="{IEEE Computer}",
  year="1990",
}

@article{Newell:1958,
  author="Newell, A. and Shaw, J. C. and Simon, H. A.",
  title="{Chess-Playing Programs and the Problem of Complexity}",
  journal="{IBM Journal of Research and Development}",
  year="1958",
  volume="2",
  pages="320--355",
}

@article{Pearl:1982,
  author="Pearl, Judea",
  title="{The Solution for the Branching Factor of the Alpha-Betha Pruning Algorithm and its Optimality}",
  journal="{Communications of the ACM}",
  year="1982",
  volume="25",
  number="8",
  pages="559--564",
  month="August",
}

@article{Schaeffer:1989,
  author="Schaeffer, Jonathan",
  title="{Distributed Game-Tree Searching}",
  journal="{Journal of Parallel and Distributed Computing}",
  volume="6",
  pages="90--114",
  year="1989",
}

@book{Schwartz:1986,
  author="Schwartz, J. T. and Dewar, R. B. K. and Dubinsky, E. and Schonberg, E.",
  title="{Programming with Sets: An Introduction to SETL}",
  publisher="Springer-Verlag",
  year="1986",
}

@inbook{Stubbs:1987,
  author="Stubbs, D. F. and Webre, N. W.",
  title="Datastructures with Abstract Datatypes and Modula-2",
  year="1987",
  pages="387--389",
  publisher="Brooks-Cole",
}

@article{Smith:1991,
  author="Smith, M. A.",
  title="{Using Massively-Parallel Supercomputers to Model Stochastic Spatial Predator-Prey Systems}",
  journal="{Ecological Modelling}",
  year="1991",
  volume="58",
  pages="347-367",
  month="April",
}

@techreport{Smith:1992,
  author="Smith, M. A.",
  title="{Dynamic Load-balancing Strategies for Data Parallel Implementations of Reaction-Evolution-Migration Systems}",
  institution="{Edinburgh Parallel Computing Centre}",
  year="1993",
  number="93-2",
  address="University of Edinburgh",
}

@inproceedings{Szafron:1994,
  key="{Szafron \& Schaeffer 1994}",
  shortkey="{SzSc94}",
  author="Szafron, Duane and Schaeffer, Jonathan",
  title="{Experimentally Assessing the Usability of Parallel Programming Systems}",
  booktitle="{Proceedings of the IFIP Working Conference on Programming Environments for Massively Parallel Distributed Systems}",
  month="April",
  year="1994",
  publisher="{{Birkh\"{a}user} Verlag AG}",
}

@article{Tanenbaum:1983,
  author="Tanenbaum, A. A. and {van Staveren}, H. and Keizer, E. G. and Stevenson, J. W.",
  title="{A Practical Toolkit for Making Portable Compilers}",
  journal="{Communications of the ACM}",
  volume="26",
  number="9",
  pages="654--60",
  month="September",
  year="1983",
}

@article{Tanenbaum:1990,
  author="Tanenbaum, A. S. and {van Renesse}, R. and {van Staveren}, H. and Sharp, G. and Mullender, S. J. and Jansen, A. and {van Rossum}, G.",
  title="{Experiences with the Amoeba Distributed Operating System}",
  journal="{Communications of the ACM}",
  volume="33",
  number="12",
  pages="46--63",
  month="December",
  year="1990",
}

@book{Tanenbaum:1992:a,
  author="Tanenbaum, A. S.",
  title="{Modern Operating Systems}",
  publisher="{Prentice-Hall}",
  year="1992",
}

@article{Tanenbaum:1992:b,
  author="Tanenbaum, A. S. and Kaashoek, M. F. and Bal, H. E.",
  title="{Parallel Programming using Shared Objects and Broadcasting}",
  journal="{IEEE Computer}",
  volume="25",
  number="8",
  pages="10-19",
  year="1992",
  month="August",
}

@article{Tarsi:1982,
  author="Tarsi, M.",
  title="{Optimal Searching of Some Game Trees}",
  journal="{Journal of the ACM}",
  volume="30",
  number="3",
  pages="389--394",
  month="January",
  year="1982",
}

@article{Turing:1952,
  author="Turing, A. M.",
  title="{The Chemical Basis of Morphogenesis}",
  journal="{Philosophical Transactions of the Royal Society of London}",
  year="1952",
  volume="B",
  number="237",
  pages="37-42",
}

@article{Wang:1989,
  author="Wang, P. S. P. and Zhang, Y. Y.",
  title="{A Fast and Flexible Thinning Algorithm}",
  journal="{IEEE Transactions on Computers}",
  volume="38",
  number="5",
  month="May",
  year="1989",
  pages="741--745",
}

@article{Weicker:1990,
  author="Weicker, Reinhold P.",
  title="{An Overview of Common Benchmarks}",
  journal="{IEEE Computer}",
  month="December",
  year="1990",
}

@book{Wheeler:1988,
  editor="Wheeler, M. F.",
  title="{Numerical Simulation in Oil Recovery}",
  publisher="{Springer-Verlag}",
  year="1991",
}

@inproceedings{Wilson:1994,
  author="Wilson, Gregory V.",
  title="{Assessing the Usability of Parallel Programming Systems: The Cowichan Problems}",
  booktitle="{Proceedings of the IFIP Working Conference on Programming Environments for Massively Parallel Distributed Systems}",
  month="April",
  year="1994",
  publisher="{{Birkh\"{a}user} Verlag AG}",
  pages="183--193",
}

@book{Winograd:1983,
  author="Winograd, Terry",
  title="{Language as a Cognitive Process (Volume 1: Syntax)}",
  publisher="Addison-Wesley",
  year="1983",
}
@article{Rogers:1995,
  author="Rogers, A. and Carlisle, M.C. and Reppy, J.H. and  Hendren, L.J.",
  title="{Supporting Dynamic Data Structures on Distributed-Memory Machines}",
  journal="{ACM Transactions on Programming Languages and Systems}",
  volume="17",
  number="2",
  month="March",
  year="1995",
}

@inproceedings{Ruhl:1995,
  title = "Optimizing Atomic Functions using Compile-Time Information",
  author = "{R\"{u}hl}, T. and Bal, H.E. ",
  booktitle = "Working Conference on Massively Parallel Programming Models (MPPM-95)",
  address = "Berlin",
  month = "Oct.",
  year = "1995",
}

@article{Singh:1992,
  title = "SPLASH: Stanford Parallel Applications for Shared Memory",
  author = "J.P. Singh and W-D. Weber and A. Gupta",
  journal = "ACM Comp. Arch. News",
  volume = "20",
  number = "1",
  month = "March",
  year = "1992",
  pages = "5--44",
}

@inproceedings{Bal:1991,
  title = "A Comparative Study of Five Parallel Programming Languages",
  author = "H.E. Bal",
  booktitle = "EurOpen Spring 1991 Conference on Open Distributed Systems",
  address = "Tromso",
  month = "May",
  year = "1991",
  pages = "209-228",
}


@incollection{White:1978,
  author="White, D.",
  title="{A Design for Polygon Overlay}",
  booktitle="{Harvard Papers on Geographic Information Systems: Volume 6 ---
        Spatial Algorithms:  Efficiency in Theory and Practice}",
  year="1978",
  editor="Dutton, G.",
  publisher="{Laboratory for Computer Graphics and Spatial Analysis, Harvard University}",
}

@techreport{Eisenstat:1974,
  author        =       "Eisenstat, Stanley C. and Sherman, Andrew H.",
  title         =       "{Subroutines for Envelope Solution of Sparse Linear Systems}",
  institution   =       "{Yale University}",
  number        =       "35",
  month         =       "October",
  year          =       "1974",
}

@article{Smith:1993,
  author        =       "{Smith, Mark}",
  title         =       "{Dynamic Load-Balancing Strategies for Data Parallel
                        Implementations of Reaction-Evolution-Migration Systems}",
  journal       =       "{International Journal of Modern Physics C}",
  volume        =       "4",
  number        =       "1",
  year          =       "1993",
  pages         =       "107--19",
}

@techreport{Bader:1994,
  author        =       "Bader, D. A. and J\'{a}J\'{a}, J.",
  title         =       "{Parallel Algorithms for Image Histogramming and Connected Components}",
  institution   =       "{Department of Electrical Engineering, University of Maryland}",
  month         =       "December",
  year          =       "1994",
  number        =       "CS-TR-3384",
}

@book{Koelbel:1994,
  author        =       "Koelbel, Charles H. and Loveman, David B. and
                        Schreiber, Robert S. and {Steele Jr.}, Guy L. and
                        Zosel, Mary E.",
  title         =       "{The High Performance Fortran Handbook}",
  publisher     =       "{MIT Press}",
  year          =       "1994",
}

