@inproceedings{b:Bal:1988,
  author="Bal, H. E. and Tanenbaum, A. S.",
  title="{Distributed Programming with Shared Data}",
  booktitle="{Proc. IEEE CS 1988 Int. Conf. on Computer Languages}",
  month="October",
  year="1988",
  pages="82--91",
}

@inproceedings{a:Bal:1989,
  author="H.E. Bal and M.F. Kaashoek and A.S. Tanenbaum",
  title="A Distributed Implementation of the Shared Data-object Model",
  booktitle="USENIX Workshop on Experiences with Building Distributed and Multiprocessor Systems",
  month="October",
  address="Ft. Lauderdale, FL",
  year="1989"
}

@inproceedings{a:Bal:1991,
  author="H.E. Bal",
  title="A Comparative Study of Five Parallel Programming Languages",
  booktitle="EurOpen Spring 1991 Conference on Open Distributed Systems",
  month="May",
  address="Tromso, Norway",
  pages="209--228",
  year="1991"
}

@inproceedings{a:Bal:1992,
  author="M.F. Kaashoek and R. Michiels and H.E. Bal and A.S. Tanenbaum",
  title="Transparent Fault-tolerance in Parallel Orca Programs",
  booktitle="Symposium on Experiences with Distributed and Multiprocessor Systems III",
  month="March",
  address="Newport Beach, CA",
  pages="297--312",
  year="1992"
}

@inproceedings{a:Bal:1990,
  author="H.E. Bal and M.F. Kaashoek and A.S. Tanenbaum",
  title="Experience with Distributed Programming in Orca",
  booktitle="Proc. IEEE CS 1990 Int. Conf. on Computer Languages",
  month="March",
  address="New Orleans, LO",
  pages="79--89",
  year="1990"
}

@article{b:Bal:1989,
  author="Bal, Henri E. and Steiner, J. G. and Tanenbaum, A. S.",
  title="{Programming Languages for Distributed Computing Systems}",
  journal="{ACM Computing Surveys}",
  volume="21",
  number="3",
  year="1989",
}

@Book{Bal:1990,
  author =       "H. E. Bal",
  title =        "Programming Distributed Systems",
  publisher =    "Silicon Press",
  year =         1990,
  address =      "Summit, NJ",
  isbn =	 "ISBN 0-929306-05-8"
}

@Book{Bal:1991,
  author =       "H. E. Bal",
  title =        "Programming Distributed Systems",
  publisher =    "Prentice Hall International",
  year =         1991,
  address =      "Hemel Hemstead, UK",
  isbn =	 "ISBN 0-13-722083-9"
}


@article{b:Bal:1992,
  author="Bal, H. E. and Kaashoek, M. F. and Tanenbaum, A. S.",
  title="{Orca: A Language for Parallel Programming of Distributed Systems}",
  journal="{IEEE Trans.\ on Software Engineering}",
  volume="18",
  number="3",
  month="March",
  year="1992",
  pages="190--205"
}

@article{b:Bal:1992:b,
  author="Bal, H. E. and Kaashoek, M. F. and Tanenbaum, A. S. and Jansen, J.",
  title="{Replication Techniques for Speeding up Parallel Applications on Distributed Systems}",
  journal="{Concurrency: Practice \& Experience}",
  year="1992", 
  month="August",
  volume="4",
  number="5",
  pages="337-355",
}

@article{b:Tanenbaum:1992:b,
  author="Tanenbaum, A. S. and Kaashoek, M. F. and Bal, H. E.",
  title="{Parallel Programming using Shared Objects and Broadcasting}",
  journal="{IEEE Computer}",
  volume="25",
  number="8",
  pages="10-19",
  year="1992",
  month="August",
}
