@article{tse92,
  author = 	"Bal, H. E. and Kaashoek, M. F. and Tanenbaum, A. S.",
  title = 	"{Orca: A Language for Parallel Programming of
		 Distributed Systems}",
  journal = 	"{IEEE Transactions on Software Engineering}",
  year = 	"1992", 
  volume = 	"18",
  number = 	"3",
  pages = 	"190-205",
  month = 	"March",
}

@article{Tur52,
  author = 	"Turing, A. M.",
  title = 	"The chemical basis of morphogenesis",
  journal = 	"{Philosophical Transactions of the Royal Society of
		London}",
  year = 	"1952", 
  volume = 	"B",
  number = 	"237",
  pages = 	"37-42",
}



@article{Amoeba,
  author = 	 "Sape J. Mullender and van Rossum, Guido and Andrew S.
		  Tanenbaum and van Renesse, Robert and van Staveren, Hans",
  title = 	 "{A}mo{}eba: A Distributed Operating System for the 1990s",
  journal = 	 "Computer",
  year = 	 1990,
  volume = 	 23,
  number = 	 5,
  pages = 	 "44--53",
  month = 	 may
}

@book{bal,
	key="{Bal 1991}",
	shrtkey="{Bal91}",
	author="Bal, Henri",
	title="{Programming Distributed Systems}",
	publisher="{Prentice Hall}",
	year="1991",
}

@inproceedings{Cowichan,
  author = 	"Wilson, Gregory V.",
  title = 	"{Assessing the Usability of Parallel Programming
		Systems: The Cowichan Problems}",
  booktitle = 	"{Proceedings of the IFIP Working Conference on
		Programming Environments for Massively Parallel Distributed
		Systems}",
  month = 	"April",
  year = 	"1994",
  publisher = 	"{Birkhaeuser Verlag AG}",
}
 

@article{Smith91,
  author = 	"Smith, M. A.",
  title = 	"Using massively-parallel supercomputers to model
		stochastic spatial predator-prey systems",
  journal = 	"{Ecological Modelling}",
  year = 	"1991", 
  volume = 	"58",
  pages = 	"347-367",
  month = 	"April",
}

@techreport{Smith92,
  author = 	"Smith, M. A.",
  title = 	"{Dynamic Load-balancing Strategies for Data Parallel
		Implementations of Reaction-Evolution-Migration Systems}",
  institution =	"Edinburgh Parallel Computing Centre",
  year =	"1993",
  number = 	"93-2",
  address = 	"University of Edinburgh",
} 



@article{Moll77,
  author = 	"Mollison, D.",
  title = 	"Spatial contact models for ecological and epidemic
		spread",
  journal = 	"{Proceedings of the Royal Statistical Society}",
  year = 	"1977", 
  volume = 	"B",
  number = 	"39(3)",
  pages = 	"283-326",
}

@book{Whee88,
  editor = 	"Wheeler, M. F.",
  title = 	"{Numerical Simulation in Oil Recovery}",
  publisher=	"{Springer (New York)}",
  year = 	"1991", 
}


@inproceedings{b:heuristic-load,
	key="{Grunwald {\bibea} 1990}",
	shortkey="{Gru+90}",
	author="Grunwald, Dirk C. and Nazief, Bobby A. A. and Reed, Daniel A.",
	title="{Empirical Comparison of Heuristic Load Distribution
		in Point-to-Point Multicomputer Networks}",
	booktitle="{Fifth Distributed Memory Computing Conference}",
	year="1990",
	publisher="{IEEE}",
	annote="{load balancing}",
	summary="\bibnote{
		Looks at several load-balancing strategies and
		the empirical effectiveness.}",
}

@article{cpe92,
  author = 	"Bal, H. E. and Kaashoek, M. F. and Tanenbaum, A. S.
		and Jansen, J.",
  title = 	"{Replication Techniques for Speeding up Parallel
		Applications on Distributed Systems}",
  journal = 	"{Concurrency Practice \& Experience}",

  year = 	"1992", 
  month = 	"August",
  volume = 	"4",
  number = 	"5",
  pages = 	"337-355",
}

@article{ieee92,
  author = 	"Tanenbaum, A. S. and Kaashoek, M. F. and Bal, H. E.",
  title = 	"{Parallel Programming using Shared Objects and Broadcasting}",
  journal = 	"{IEEE Computer}",
  volume = 	"25",
  number = 	"8",
  pages = 	"10-19",
  year = 	"1992",
  month = 	"August",
}

@inproceedings{Panda,
  author = 	"Bhoedjang, R. and R{\"u}hl, T. and Hofman, R. and
		Langendoen, K. and Bal, H.",
  title =	"{Panda: A Portable Platform to Support Parallel
		Programming Languages}",
  booktitle = 	"{Symposium on Experiences with Distributed and
		Multiprocessor Systems IV}",
  address = 	"{San Diego}",
  pages = 	"213-226",
  month = 	"September",
  year = 	"1993",
}
