
@Article{orca-refman,
  author = 	"H.~E.~Bal and M.~F.~Kaashoek and A.~S.~Tanenbaum",
  title = 	"Orca: A Language for Parallel Programming of
		 Distributed Systems",
  journal = 	"IEEE Transactions on Software Engineering",
  year = 	"1992", 
  OPTvolume = 	"18",
  OPTnumber = 	"3",
  OPTpages = 	"190-205",
  OPTmonth = 	"March",
  OPTnote = 	"",
  OPTabstract = "Problems with Orca: 
                 - no independent replication of subobjects and
                 - currently no dynamic creation of shared objects
                   --> could be done via graph data structures"
}

@Article{gss,
  author = 	"C.~D.~Polychronopoulos and D.~J.~Kuck",
  title = 	"Guided Self-Scheduling: A Practical Scheduling 
		 Scheme for Parallel Supercomputers",
  journal = 	"IEEE Transactions on Computing",
  year = 	"1987",
  OPTvolume = 	"C-36",
  OPTnumber = 	"12",
  OPTpages = 	"",
  OPTmonth = 	"December",
  OPTnote = 	"",
}



@TechReport{orca-rts,
  author = 	"H.~E.~Bal and M.~F.~Kaashoek",
  title = 	"Data Distribution in Orca Through Compiler Optimization",
  institution = 	"Vrije Universiteit",
  year = 	"1991",
  OPTtype = 	"",
  OPTnumber = 	"IR-254",
  OPTaddress = 	"",
  OPTmonth = 	"September",
  OPTnote = 	""
}


@Article{amoeba:652,
  author = 	 "Sape J. Mullender and van Rossum, Guido and Andrew S.
		  Tanenbaum and van Renesse, Robert and van Staveren, Hans",
  title = 	 "{A}mo{}eba: A Distributed Operating System for the 1990s",
  journal = 	 "Computer",
  year = 	 1990,
  volume = 	 23,
  number = 	 5,
  pages = 	 "44--53",
  month = 	 may
}

