%%%%%%%%%%%%%%%%%%%%%%%%%%%%%%%%%%%%%%%%%%%%%%%%%%%%%%%%%%%%%%%%
% Conference Proceedings
%%%%%%%%%%%%%%%%%%%%%%%%%%%%%%%%%%%%%%%%%%%%%%%%%%%%%%%%%%%%%%%%
@string{OOPSLA = "Proceedings of the Conference on Object-Oriented
                  Programming Systems, Languages, and Applications (OOPSLA)"}
@string{ICSE="International Conference on Software Engineering"}
@string{ICDCS="International Conference on Distributed Computing Systems"}
@string{ICPDS="International Conference on Parallel and Distributed
		  Systems"}
@string{ICPP="Proceedings of the International Conference on Parallel Processing"}
@string{IWOOOS="International Workshop on Object Orientation in Operating Systems"}
@string{ECOOP="European Conference on Object Oriented Programming"}
@string{SOSP="Symposium on {O}perating {S}ystems {P}rinciples"}
@string{EWMPDSS="European Workshop on Models and Paradigms for Distributed Systems Structuring"}
@string{UCC="USENIX C++ Conference"}
@string{PLDI="Programming {L}anguage {D}esign and {I}mplementation"}
@string{FMPC="Proceedings of the Symposium on the Frontiers of Massively Parallel
		  Computation"}
@string{SPAA={Proceedings of the {ACM} Symposium on Parallel Algorithms and Architectures}}
@string{ASPLOSVII="Proceedings of the 7th International Conference on Architectural Support for Programming Languages and Operating Systems (ASPLOS-VII)"}

%%%%%%%%%%%%%%%%%%%%%%%%%%%%%%%%%%%%%%%%%%%%%%%%%%%%%%%%%%%%%%%%
% Journals
%%%%%%%%%%%%%%%%%%%%%%%%%%%%%%%%%%%%%%%%%%%%%%%%%%%%%%%%%%%%%%%%
@string{JOOP="The Journal of Object Oriented Programming"}
@string{JPDC="J. Parallel Distrib. Comput."}
@string{IEEES="{IEEE} Software"}
@string{IIEC="{IEEE} Comput."}
@string{IEEETSE="{IEEE} Trans. Softw. Eng."}
@string{IEEETC="{IEEE} Trans. on Computers"}
@string{IEEETPDS="{IEEE} Trans. Parallel Distrib. Syst."}
@string{ACMTPLS="{ACM} Trans. on Programming Languages and Systems"}
@string{ACMTCS="{ACM} Trans. Comput. Syst."}
@string{ACMCS="{ACM} Computing Surveys"}
@string{OSR="Operating Systems Review"}
@string{IEEETKDE="{IEEE} Trans. on Knowledge and Data Engineering"}
@string{CACM="{Communications of the ACM}"}
@string{IEEEPDT="{IEEE} Parallel Distrib. Tech."}


@article{Ahuja86,
  author =       "Sudhir Ahuja and Nicholas Carriero and David
                 Gelernter",
  title =        "Linda and Friends",
  journal =      IIEC,
  pages =        "26--34",
  volume =       "19",
  number =       "8",
  month =        aug,
  year =         "1986",
  annote =       "Linda",
}

@Book{agha86,
  author = 	 {G.A. Agha},
  title = 	 "Actors: A Model of Concurrent Computation in
                  Distributed Systems",
  publisher = 	 {MIT Press},
  year = 	 1986
}


@article{agupta93,
  author={A. Gupta and V. Kumar},
  title="The Scalability of {FFT} on Parallel Computers",
  journal=IEEETPDS,
  volume=4,
  number=8,
  month=aug,
  year=1993,
}

@article{amza94,
  author = 	 {C. Amza and A.L. Cox and S.
Dwarkadas and P. Keleher and H. Lu and R. Rajamony and W. Yu and W. Zwaenepoel},
  title = 	 "TreadMarks: Shared Memory Computing on Networks of Workstations",
  journal= IIEC,
  volume=29,
  number=2,
  pages={18-28},
  month=feb,
  year = 1996,
}


@techreport{anderson87,
  author = 	"D.P. Anderson and D. Ferrari and P. Venkat
		  Rangan and S.Y. Tzou",
   title = 	"The {D}ash Project: Issues in the Design of Very Large
		 Distributed Systems",
  institution = "Computer Science Division {EECS}, University of California",
  year = 	1987,
  number = 	"UCB/CSD 87/338",
  address = 	"Berkeley CA ({USA})",
  month = 	jan
}

@inproceedings{anderson93,
  author =	"J.M. Anderson and M.S. Lam",
  title = 	"Global Optimizations for Parallelism and Locality on 
		Scalable Parallel Machines",
  booktitle = 	PLDI,
  address =	"Alberquerque, NM",
  month =	jun,
  year =	1993,
  }

@book{andrews93,
   author = {G.R. Andrews and R.A. Olsson},
   title = "The {SR} Programming Language: Concurrency in Practice",
   publisher = {The Benjamin/Cummings Publishing Company},
   address = {Redwood City, CA},
   year = {1993}
}

@inproceedings{bacon87,
  author = 	"J.M. Bacon and K.G. Hamilton",
  title = 	"Distributed Computing with {RPC}: the {C}ambridge Approach",
  booktitle = 	"IFIP Conference on Distributed Processing",
  year = 	1987,
  pages = 	"1--14",
  address = 	"Amsterdam",
  month = 	oct
}

@phdthesis{bal89,
author="H.E. Bal",
title="The Shared Data Object Model as a Paradigm for Programming
		  Distributed Systems",
school="Vrije Universiteit, Amsterdam",
year=1989,
}

@book{bal91a,
  author="H.E. Bal",
  title="Programming Distributed Systems",
  publisher="{Prentice Hall}",
  year="1991",
}

@article{bal92,
  author="H.E. Bal and M.F. Kaashoek and A.S. Tanenbaum",
  title="Orca: A Language for Parallel Programming on Distributed Systems",
  journal=IEEETSE,
  volume=18,
  number="3",
  pages = {190--205},
  month=mar,
  year=1992,
}



@inproceedings{bal93,
  author="H.E. Bal and M.F. Kaashoek",
  title="Object distribution in {O}rca using Compile-Time and
         Run-Time Techniques",
  booktitle=OOPSLA,
  pages = {162--177},
  month=oct,
  year=1993,
  address={Washington, D.C.},
}

@article{banerjee95,
  author="P. Banerjee and J.A. Chandy and M. Gupta and E.W. Hodges and J.G. Holm and A. Lain and D.J. Palermo and S. Ramaswamy and E. Su",
  title="The {P}aradigm Compiler for Distributed-Memory Multicomputers",
  journal=IIEC,
  volume = 28,
  number = 10,
  year=1995,
  month=oct,
  pages="37--47",
}

@Inproceedings{bershad93,
  title="The {M}idway Distributed Shared Memory System",
  author={B.N. Bershad and M.J. Zekauskas and W.A. Sawdon},
  booktitle={Proceedings of CompCon'93},
  year=1993,
}

@article{bertsekas91,
author={D.P. Bertsekas and C. \"{O}zvern and G.D. Stamoulis and
		  P. Tseng and J.N. Tsitsiklis},
title="Optimal Communication Algorithms for Hypercubes",
journal=JPDC,
volume=11,
year=1991,
pages={263--275},
}

@inproceedings{bhoedjang93,
author={R. Bhoedjang and T. R\"{u}hl and R. Hofman and K. Langendoen
		  and H.E. Bal and M.F. Kaashoek},
title="Panda: A Portable Platform to Support Parallel Programming
		  Languages",
booktitle={Symposium on Experiences with Distributed and
		  Multiprocessor Systemes,USENIX},
year=1993,
pages={213--226},
}



@inproceedings{birman85,
  author = 	"K.P. Birman",
  title = 	"Replication and Fault-Tolerance in the {ISIS} System",
  booktitle  =  sosp10,
  year = 	1985,
  address = 	"Orcas Island WA ({USA})",
  month = 	dec
}

@techreport{birman86,
  author = 	"K.P. Birman and T.A. Joseph and F.
		 Schmuck and P. Stephenson",
  title = 	"Programming with Shared Bulletin Boards in
		 Asynchronous Distributed Systems",
  institution = "Department of Computer Science, Cornell University",
  year = 	1986,
  type = 	"Technical Report",
  number = 	"86-772",
  address = 	"Ithaca, New York ({USA})",
  month = 	aug
}

@article{birrell84,
  author = 	 {A.D. Birrell and B.J. Nelson},
  title = 	 "Implementing Remote Procedure Calls",
  journal = 	 ACMTCS,
  year = 	 1984,
  volume =	 2,
  number =	 1,
  month =	 feb,
  pages =	 {39--59}
}


@techreport{black90a,
  author = 	 "D.L. Black",
  title = 	 "Scheduling Support for Concurrency and Parallelism
		  in the {M}ach Operating System",
  institution =  Carnegie,
  year = 	 1990,
  number = 	 "CMU-CS-90-125",
  address = 	 pittsburgh,
  month = 	 apr
}

@article{black90b,
  author = 	 "D.L. Black",
  title = 	 "Scheduling Support for Concurrency and Parallelism
		  in the {M}ach Operating System",
  journal = 	 "Computer",
  year = 	 1990,
  volume = 	 23,
  number = 	 5,
  pages = 	 "35--43",
  month = 	 may
}

@article{black90c,
  author =      {A.P. Black and Y. Arsty},
  title =       "Implementing Location Independent Invocation",
  journal =     IEEETPDS,
  year =        1990,
  volume =      1,
  number =      1,
  pages =       {107--119},
  month =       jan,
}

@article{boden95,
  title="{M}yrinet: A Gigabit-per-second Local Area Network",
  author={N.J. Boden and D. Cohen and R.E. Feldman and A.E. Kulawik
		  and C.L. Seitz and J.N. Seizovic and W. Su},
  journal={IEEE Micro},
  volume=15,
  number=1,
  year=1995,
  month=feb,
  pages={29--36},
}

@inproceedings{bodin93,
   author = {F. Bodin and P. Beckman and D. Gannon and S. Yang and S. Kesavan and A. Malony and B. Mohr},
   title = "Implementing a Parallel {C}++ Runtime System for Scalable Parallel Systems",
   booktitle = {Supercomputing '93},
   pages = {588--597},
   year = {1993},
   address = "Portland, Oregon, USA",
}

@techreport{boggs88,
  author={D.R. Boggs and J.C. Mogul and C.A. Kent},
  title="Measured Capacity of an Ethernet: Myths and Reality",
  institution={Western Research Laboratory},
  year=1988,
  number={88/4},
  address={California},
  month=sep,
}

@techreport{boyer90,
  author = 	 "F. Boyer and J. Cayuela and P. Y. Chevalier and
		  A. Freyssinet and D. Hagimont",
  title = 	 "Supporting an Object-Oriented Distributed System:
		  Experience with {U}nix, {M}ach and {C}horus",
  institution =  "Bull-IMAG",
  year = 	 1990,
  number = 	 "7-90",
  address = 	 "Grenoble (France)",
  month = 	 dec
}



@article{campbell87,
  author= 	{ R. Campbell and G. Johnston and V. Russo},
  title=  	"Choices - Class Hierarchical Open Interface for Custom 
  Embedded Systems",
  journal=	OSR,
  volume=	21,
  number=	3,
  month=	July,
  year=		1987,
}

@inproceedings{carriero92,
  author={N. Carriero and D. Gelernter},
  title="Data parallelism and {L}inda",
  booktitle={Lecture Notes in Computer Science 757},
  year=1992,
  pages="145-159",
}

@inproceedings{carter91,
author="J.B. Carter and J.K. Bennett and W. Zwaenepoel",
title="Implementation and performance of {M}unin",
booktitle={13th annual ACM Symposium on Operating Systems Principles},
pages = 	 "152--164",
year = 1991,
}

@inproceedings{chakrabarti95,
  title="Modeling the Benefits of Mixed Data and Task Parallelism",
  author={S. Chakrabarti and J. Demmel and K. Yelick},
  booktitle=SPAA,
  year=1995,
  address =      {Santa Barbara, CA},
  month = jul,
  pages = "74--83",
}

@inproceedings{chakrabarti96,
  author={S. Chakrabarti and M. Gupta and J-D. Choi},
  title="Global Communication Analysis and Optimization",
  booktitle=PLDI,
  year=1996,
  note={To appear},
}

@techreport{chandy92,
  author = 	{K.M. Chandy and C. Kesselman},
  title = 	"Compositional {C}++: Compositional Parallel Programming",
  institution = {California Institute of Technology},
  year = 	1992,
  number = 	{CS-TR-92-13},
}

@article{chang95,
  author={S.L. Chang and D.H. Du and J. Hsieh and R.P. Tsang},
  title="Enhanced {PVM} Communications over a High-Speed {LAN}",
  journal=IEEEPDT,
  month={Fall},
  year=1995,
  volume=3,
  number=3,
}

@misc{chapman,
  title="A Software Architecture for Multidisciplinary Applications:
		  Integrating Task and Data Parallelism",
  author={B. Chapman and P. Mehrotra and J. van Rosendale and
		  H. Zima},
}

@article{chapman96,
  author = 	 {B. Chapman and M. Haines and P. Mehrotra and H. Zima
                  and J van Rosendale},
  title = 	 "{O}pus: A Coordination Language for
                  Multidisciplinary Applications",
  journal = 	 {To appear in Scientific Programming},
  year = 	 1996
}

@techreport{chase92,
author={ J.S. Chase and H.M. Levy and M. Baker-Harvey and E. Lazowska },
title="How to Use a 64-bit Virtual Address Space",
number={UW-CSE-92-03-02},
month={March},
year=92,
}

@InCollection{cheriton86,
  author = 	"D.R. Cheriton",
  title = 	"Request-Response and Multicast Interprocess
		 Communication in the {V} Kernel",
  booktitle = 	"Networking in Open Systems",
  publisher = 	"Springer-Verlag, Lecture notes in CS no.~248~",
  year = 	1986,
  pages = 	"297--312",
  address = 	"Autriche",
  month = 	aug
}

@techreport{cheriton87,
  author = 	"D.R. Cheriton and C.L. Williamson",
  title = 	"Network Measurement of the {VMTP} Request-Response
		 Protocol in the {V} Distributed System",
  institution = "Department of Computer Science",
  year = 	1987,
  number = 	"STAN-CS-87-1145",
  address = 	"Stanford University, Stanford, CA 94305",
  month = 	feb
}

@article{chin91,
author=		"R.S. Chin and  S.T. Chanson",
title=		"Distributed Object-Based Programming Systems",
journal=	ACMCS,
volume=		23,
number=		1,
year=		1991
}

@inproceedings{dascupta88,
  author = 	 "P.Dasgupta and R.J. Leblanc and W.F. Appelbe",
  title = 	 "The {C}louds Distributed Operating System: Functional
		 Description, Implementation Details and Related Work",
  booktitle = 	 ICDCS,
  year = 	 1988,
  pages = 	 "2--9",
  organization = "{(IEEE)}",
  address = 	 "S. Jos\'{e} CA {(USA)}",
  month = 	 jun
}

@article{detlefs88,
  author = 	 "D. Detlefs and M.P. Herlihy and J. Wing",
  title = 	 "Inheritance of Synchronization and Recovery
		 Properties in {A}valon\slash {C}++",
  journal = 	 "Computer",
  year = 	 1988,
  volume = 	 21,
  number = 	 12,
  pages = 	 "57--69",
  month = 	 dec
}

@inproceedings{dhagat95,
  title="Integrating Task and Data Parallelism in {UC}",
  author={M. Dhagat and R. Bagrodia and M. Chandy},
  booktitle=ICPP,
  year=1995,
  pages={29--36},
  volume={II},
  address =      "Oconomowoc, WI",
}

@TECHREPORT{dinda94,
    author =      {P. Dinda and T. Gross and D. O'Hallaron
		  and E. Segall and J. Stichnoth and J. Subhlock and
		  J. Webb and B. Yang},
    title =       {The {CMU} Task Parallel Program Suite},
    number =      {CMU-CS-94-131},
    institution = {School of Computer Science, Carnegie Mellon University},
    address=      {Pittsburgh, PA},
    year =        1994,
}


@inproceedings{dwarkadas96,
  author = 	 {S. Dwarkadas and A.L. Cox and W. Zwaenepoel},
  title = 	 "An Integrated Compile-Time/Run-Time Software
                  Distributed Shared Memory System",
  booktitle =ASPLOSVII,
  address = "Cambridge, MA",
  pages =        {186--197},
  year =	 1996,
  month = oct,
}

@inproceedings{eicken92,
  author = 	 "T. von Eicken and D.E. Culler and S.C. Goldstein and
		  K.E. Schauser",
  title = 	 "Active messages: a Mechanism for Integrating
		  Communication and Computation",
  booktitle =    {Proceedings of the 19$^{th}$ International
		  Symposium on Computer Architecture},
  pages = {256--266},
  year = 	 1992,
  month = 	 may,
}

@inproceedings{engler95,
  author={D.R. Engler and M.F. Kaashoek and J. O'Toole Jr.},
  title="Exokernel: An Operating System Architecture for
		  Application-Level Resource Management",
  booktitle=SOSP,
  year=1995,
}


@techreport{farrell95,
  title = "{ABC}++ User Guide",
  author = "W.G. O'Farrell and F.Ch. Eigler and I. Kalas and G.V. Wilson",
  institution = "IBM Canada",
  address = "Toronto",
  year = "1995",
}



@inproceedings{foster94,
  author = 	 {I. Foster and C. Kesselman and S. Tuecke},
  title = 	 "The {N}exus Task-Parallel Runtime System",
  booktitle = 	 {Proceedings of the 1st International Workshop on Parallel Processing},
  year =	 1994,
  pages = {457--462},
}

@article{foster94a,
  title="Task Parallelism and High-Performance Languages",
  author={I. Foster},
  journal=IEEEPDT,
  month={Fall},
  volume=2,
  number=3,
  year=1994,
  pages={27--36},
}

@inproceedings{foster96,
  author={I. Foster and D. Kohr and R. Krishnaiyer and A. Choudhary},
  title="Double Standards: Bringing Task Parallelism to {HPF} via the
                  {M}essage {P}assing {I}nterface",
  booktitle="{Supercomputing '96}",
  address =      {Pitssburgh, PA},
  year=1996,
}

@techreport{fox90,
   author = {G. Fox and S. Hiranandani and K. Kennedy and C. Koelbel and U. Kremer and C-W. Tseng and M-Y. Wu},
   institution = {Rice University},
   title = "{F}ortran {D} Language Specification",
   number = "{TR90-141}",
   month = dec,
   year = {1990}
}

@article{furmanski93,
  author =       "W. Furmanski and C. Faigle and T. Haupt and J. Niemiec and 
		M. Podgorny and D. Simoni",
  title =        "{MOVIE} Model for Open-Systems-Based High-Performance 
		Distributed Computing",
  journal =      "CONCURRENCY: Practice and Experience",
  year =         1993,
  volume =       5,
  number =       4,
  month =        jun
}

@inproceedings{granston91,
  author={E.D. Granston and A.V. Veidenbaum},
  title="An Integrated Hardware/Software Solution for Effective
		  Management of Local Storage in High-Performance
		  Systems",
  booktitle=ICPP,
  year=1991,
  volume={II},
  address={Austin, Texas},
  month=aug,
}

@TECHREPORT{grimshaw92,
    author =      {A.S. Grimshaw},
    title =       {Easy-to-use object-oriented parallel processing
                   with {M}entat},
    number =      {CS-92-32},
    institution = {Department of Computer Science, University of
		  Virginia},
    address=      {Charlottesville},
    year =        "1992",
    file =        "/usr/local/doc/compsys/virginia/CS-92-32.ps"  
}

@article{grimshaw93,
   author = {A.S. Grimshaw},
   title = "Easy-to-Use Object-Oriented Parallel Processing with {M}entat",
   journal = IIEC,
   volume = {26},
   number = {5},
   pages = {39-51},
   month = may,
   year = {1993}
}

@article{gross94,
  title="Task Parallelism in a {H}igh {P}erformance {F}ortran Framework",
  author={T. Gross and D.R. O'Hallaron and J. Subholk},
  journal=IEEEPDT,
  year=1994,
  month={Fall},
  pages={16--26},
  volume        = 2,
  number        = 3,
}

@techreport{grunwald94,
   author = {D. Grunwald and S. Vajracharya and H. Srinivasan},
   title = "The Design of an Object-Oriented Runtime System for Integrated Task and Object Parallelism",
   institution = {Univ. of Colorado},
   address = {Boulder, CO},
   year = {1994}
}

@inproceedings{gupta93,
  author = 	 "M. Gupta and S. Midkiff and E. Schonberg and
		  P. Sweeney and K.Y. Wang and M. Burke",
  title = 	 "{PTRANII} - A Compiler for {H}igh {P}erformance {F}ortran",
  booktitle = 	 {4$^{th}$ Workshop on Compilers for Parallel
		  Computing},
address={ Delft, The Netherlands},
  year = 1993,
}


@inproceedings{gupta94,
  author = 	 "M. Gupta and S. Midkiff and E. Schonberg and
		  P. Sweeney and K.Y. Wang and M. Burke",
  title = 	 "{Ptran II} - A Compiler for {H}igh {P}erformance {F}ortran",
  booktitle = 	 {4$^{th}$ Workshop on Compilers for Parallel
		  Computing},
  address={ Delft, The Netherlands},
  year = 1993,
  pages={479--493},
}

@inproceedings{haines95,
   author = {M. Haines and B. Hess and P. Mehrotra and J. van
		  Rosendale and H. Zima},
   title = "Runtime Support for Data Parallel Tasks",
  booktitle=FMPC,
   year = {1995},
  pages={432--439},
  address={McLean, Virginia},
}

@article{halstead85,
        author="R. Halstead",
        title="Multilisp: A Language for Concurrent Symbolic Computation",
        journal="{ACM Trans. on Programming Languages and Systems}",
        month=oct,
        year=1985,
        volume = 7,
        number = 4,
        pages = {501--538},
        annote="{parallel programming systems}{futures}{Multilisp}",
        summary="\bibnote{
                Introduces and justifies Multilisp,
                a parallel Scheme dialect with futures.}",
}

@article{hamilton93,
  author = 	 {G. Hamilton and M.L. Powell and J.G. Mitchell},
  title = 	 "Subcontract: A Flexible Base for Distributed Programming",
  journal = 	 {Operating Systems Review},
  volume =	 27,
  number =	 5,
  year =	 1993,
  month =	 dec,
  pages =	 {69--79},
  note = 	 {Proceedings of the 14th ACM Symposium on Operation
                  Systems Principles},
}

@inproceedings{herlihy87,
  author = 	"M.P. Herlihy and J.M. Wing",
  title = 	"{A}valon: Language Support for Reliable Distributed Systems",
  booktitle = 	"Fault Tolerant Computing Symposium 17",
  year = 	1987,
  pages = 	"89--94",
  organization = "IEEE",
  address = 	pittsburgh,
  month = 	jul
}



@article{herlihy90,
  author = 	 "M.P. Herlihy",
  title = 	 "Concurrency Versus Availability: Atomicity Mechanisms
		 for Replicated Data",
  journal = 	 jacm,
  year = 	 1990,
  volume = 	 37,
  number = 	 2,
  pages = 	 "257--278",
  month = 	 apr
}

@article{hiranandani92,
  author = {S. Hiranandani and K. Kennedy and C. Tseng},
  title = "Compiling {F}ortran {D} for {MIMD} Distributed Memory
		  Machines",
  journal = CACM,
  volume = 35,
  number = 8,
  month = aug,
  year = 1992,
}

@inproceedings{ho93,
author={C. Ho and M. Kao},
title="Optimal Broadcast on Hypercubes With Wormhole and E-cube
		  Routing",
booktitle=ICPDS,
year=1993,
month=dec,
pages={694--697},
}


@inproceedings{ho94,
author={C. Ho and M. Kao},
title="Optimal Broadcast on Hypercubes With Wormhole and E-cube
		  Routing",
booktitle=ICPP,
year=1994,
volume={III},
pages={167--171},
address =      "Pennsylvania",
}

@article{hornick87,
  author = 	"M.F. Hornick and S.B. Zdonik",
  title = 	"A Shared, Segmented Memory System for an
		 Object-Oriented Database",
  journal = 	"ACM Trans. on Office Information Systems",
  year = 	1987,
  volume = 	5,
  number = 	1,
  pages = 	"70--95",
  month = 	jan
}

@Misc{hpcwg95,
  author =	 {The {HPC++} Working Group},
  title =	 "{HPC++} Whitepapers and Draft Working Documents",
  year =	 1995,
}



@techreport{hpf93,
  author={{H}igh {P}erformance {F}ortran Forum},
  title="{H}igh {P}erformance {F}ortran Language Specification, Version 1.0",
  institution={Center for Research on Parallel Computation},
  address={Rice University, Houston, TX},
  number={CRPC-TR92225},
  year=1992,
  month=oct,
  note={(revised May 1993)}
}

@article{huang94,
  author = 	 {C.C. Huang and P.K. McKinley},
  title = 	 "Communication Issues in Parallel Computing across
{ATM} Networks",
  journal = 	 IEEEPDT,
  year = 	 1994,
  volume =	 2,
  number =	 4,
  pages =	 {73--86},
}

@INPROCEEDINGS{huang94.hpdc,
    author =      "C. C. Huang and P. K. McKinley",
    title =       "Design and Implementation of Global Reduction
		  Operations across {ATM} Networks",
    booktitle =   "Proceedings of the 1994 IEEE Symposium on High-Performance 
                   Distributed Computing",
    address =     "San Francisco, California",
    pages =       "43--50",
    month =       "August",
    year =        "1994",
    file =        "hpdc94.ps"
}

@TECHREPORT{huang94.techrep,
    author =      "C. C. Huang and P. K. McKinley",
    title =       "Communication Issues in Parallel Computing across
		  {ATM} Networks",
    number =      "MSU-CPS-94-34",
    institution = "Department of Computer Science, Michigan State University",
    address =     "East Lansing, Michigan",
    month =       "June",
    year =        "1994",
    description = "This report has been accepted to appear in 
                   {\em IEEE Parallel and Distributed Technology}",
    file =        "msu-cps-94-34.ps"  
}

@inproceedings{jefferson87,
  author = 	"D. Jefferson and B. Beckman and F. Wieland
		 and L. Blume and M. DiLoreto and P. Hontalas and
		 P. Laroche and K. Sturdevant and J. Tupman
		 and van Warren and J. Wedel and H. Younger and
		 S. Bellenot",
  title = 	"Distributed Simulation and the {T}ime {W}arp
		 Operating System",
  booktitle = 	sosp11,
  year = 	1987,
  pages = 	"77--93",
  organization = "{ACM}",
  address = 	"Austin {TX} ({USA})",
  month = 	nov
}

@techreport{jul88a,
  author = 	 "E. Jul",
  title = 	 "Object Mobility in a Distributed Object-Oriented System",
  institution =  "Department of Computer Science",
  year = 	 1988,
  number = 	 "88-12-06",
  address = 	 "Seattle, WA ({USA})",
  month = 	 dec
}

@article{jul88b,
  author = 	"E. Jul and H. Levy and N. Hutchinson and
		 A. Black",
  title = 	"Fine-Grained Mobility in the {E}merald System",
  journal = 	ACMTCS,
  year = 	1988,
  volume =      6,
  number =      1,
  pages =       "109--133",
  month  = 	feb
}

@inproceedings{kaashoek91,
  author = 	 {M.F. Kaashoek and A.S. Tanenbaum},
  title = 	 "Group Communication in the {A}moeba Distributed Operating System",
  booktitle = 	 {11$^{th}$ International Conference on Distributed Computer Systems},
  year = 	 1991,
  pages = 	 {222-230},
  editor =       {IEEE Computer Society},
  address =      {New York}, 	 
}

@phdthesis{kaashoek92,
author="M.F. Kaashoek",
title="Group Communication in Distributed Computer Systems",
school="Vrije Universiteit, Amsterdam",
year=1992,
}


@article{kaashoek93,
author={M.F. Kaashoek and R. van Renesse and H. van Staveren and
		  A.S. Tanenbaum},
title="{FLIP}: An Internetwork Protocol for Supporting Distributed
		  Systems",
journal=ACMTCS,
volume=11,
month=feb,
year=1993,
pages={73--106},
}
 

@article{kaiser88,
  author = 	 "J. Kaiser",
  title = 	 "{MUTABOR}, A Coprocessor Supporting Memory
		Management in an Object-Oriented Architecture",
  journal = 	 "IEEE Micro",
  year = 	 1988,
  pages = 	 "30--46",
  month = 	 oct
}

@inproceedings{keedy89,
  author = 	 "J.L. Keedy",
  title = 	 "Support for Objects in the {MONADS} Architecture",
  booktitle = 	 "Proceedings\ Workshop on persistent object systems",
  year = 	 1989,
  pages = 	 "202--213",
  editor =       "J. Rosenberg",
  address = 	 "Newcastle NSW (Australia)",
  month = 	 jan
}

@article{keleher96,
  author = 	 {P. Keleher and S. Dwarkadas and A.L. Cox and and W. Zwaenepoel},
  title = 	 "TreadMarks: Distributed Shared Memory on Standard Workstations and Operating Systems",
  journal = 	 IIEC,
  year = 	 1996
}

@techreport{kennedy94,
  author={K. Kennedy and N. Nedeljkovi\`{c}},
  title="Combining Dependence and Data-Flow Analyses to Optimize
		  Communication",
  institution={Computer Science Department},
  address={Rice University},
  number={CRPC-TR94484-S},
  year=1994,
  month=sep,
}

@inproceedings{kiczales92,
  author = 	 {G. Kiczales},
  title = 	 "Towards a New Model of Abstraction in the
                  Engineering of Software",
  booktitle = 	 {IMSA'92 Workshop on Reflection and Meta-level Architectures},
  year =	 1992
}



@article{kli89,
author="K. Li and P. Hudak",
title="Memory Coherence in Shared Virtual Memory Systems",
journal=ACMTCS,
volume=4,
number=4,
month=nov,
pages = "321--359",
year=1989,
}

@inproceedings{krishnamurthy95,
  title="Optimizing Parallel Programs with Explicit Synchronization",
  author={A. Krishnamurthy and K. Yelick},
  booktitle=PLDI,
  month=jun,
  year=1995,
}

@Book{kumar94,
  author = 	 {V. Kumar and A. Grama and A. Gupta and G. Karypis},
  title = 	 "Introduction to Parallel Computing",
  publisher = 	 {Benjamin/Cummings},
  year = 	 1994
}

@techreport{larus92,
author={J.R. Larus and B. Richards and G. Visvanatan},
title="{C**}: A large-grain, Object-Oriented, Data Parallel Programming
		  Language",
institution={Computer Science Department},
address={University of Wisconsin, Madison},
number={1126},
year=1992,
month=nov,
}

@inproceedings{larus94.asplos,
  author={J.R. Larus and B. Richards and G. Visvanatan},
  title="{LCM}: Memory System Support for Parallel Language
		  Implementation",
  booktitle={Architectural Support for Programming Languages and 
  Operating Systems}, 
  year=1994,
  month=oct,
}

@inproceedings{lavender95,
  author={R.G. Lavender and D.C. Schmidt},
  title="Active Object",
  booktitle={Pattern Languages of Programming Conference},
  address={Illinois},
  year=1995,
  month=sep,
}


@article{lennart89,
author={S. Lennart Johnsson and C. Ho},
title="Optimum Broadcasting and Personalized Communication in Hypercubes",
journal=IEEETC,
volume=38,
number=9,
month=sep,
pages={1249--1268},
year=1989,
}

@article{li91,
author="J. Li and M. Chen",
title="Compiling Communication-Efficient Programs for Massively 
Parallel Machines",
journal=IEEETPDS,
volume=2,
number=3,
month=jul,
pages={361--378},
year=1991,
}

@article{liang90,
  title=	"Process Groups and Group Communications: Classifications
		and Requirements",
  author=	{ L. Liang and S.T. Chanson and G.W. Neufeld},
  journal=	{IEEE computer},
  month=	feb,
  year=		1990,
  pages=	{56--66}
}

@article{liskov83,
  author = 	"B. Liskov and R. Scheifler",
  title = 	"Guardians and Actions: Linguistic Support for Robust,
		 Distributed Programs",
  journal = 	"ACM Trans. on Programming Languages and Systems",
  year = 	1983,
  volume = 	5,
  number = 	3,
  pages = 	"381--404",
  month = 	jul
}

@inproceedings{liskov87a,
  author = 	"B. Liskov and D. Curtis and P. Johnson
		 and R. Scheifler",
  title = 	"Implementation of {A}rgus",
  booktitle = 	sosp11,
  year = 	1987,
  pages = 	"111--122",
  organization = "{ACM}",
  address = 	"Austin {TX} ({USA})",
  month = 	nov
}

@techreport{liskov87b,
  author = 	"B. Liskov and L. Shrira",
  title = 	"Promises: An Efficient Procedure Call Mechanism for
		 Distributed Systems",
  institution = 	"Massachusetts Institute of Technology
		 Laboratory for Computer Science",
  year = 	1987,
  type = 	"Programming Methodology Group Memo",
  number = 	60,
  address = 	"Cambridge, MA 02139",
  month = 	nov
}


@techreport{liskov87c,
  author = 	"B. Liskov and T. Bloom and D. Gifford and
		 R. Scheifler and W. Weihl",
  title = 	"Communication in the {M}ercury System",
  institution = 	"Massachusetts Institute of Technology,
		 Laboratory for Computer Science",
  year = 	1987,
  type = 	"Programming Methodology Group Memo",
  number = 	59,
  address = 	"Cambridge, MA ({USA})",
  month = 	oct
}

@article{liskov88,
  author = 	"B. Liskov",
  title = 	"Distributed Programming in {ARGUS}",
  journal = 	cacm,
  year = 	1988,
  volume = 	31,
  number = 	3,
  pages = 	"300--312",
  month = 	mar
}

@article{loveman93,
        author="D.B. Loveman",
        title="{H}igh {P}erformance {F}ortran",
        journal=IEEEPDT,
        month={winter},
        year=1993,
        volume=1,
        number=1,
	pages={25--41},
        annote="{parallel programming systems}{HPF}",
        summary="\bibnote{
                A look at the development and content of
                the HPF standard.}",
}

@inproceedings{low88,
  author = 	 "C. Low",
  title = 	 "A Shared, Persistent Object Store",
  booktitle = 	 "Proceedings\ of the 1988 European Conference\ on
		  Object-Oriented Programming",
  year = 	 1988,
  publisher = "Springer-Verlag",
  month = 	 sep
}

@inproceedings{lu95,
  author = 	 { H. Lu and S. Dwarkadas and A.L. Cox and 
W. Zwaenepoel},
  title = 	 "Message Passing Versus Distributed Shared 
Memory on Networks of Workstations",
  booktitle = 	 {Supercomputing '95},
  address =      {San Diego, CA},
  year =	 1995,
  month =	 dec
}

@inproceedings{maes87,
  author = 	 {Pattie Maes},
  title = 	 "Concepts and Experiements in Computational Reflection",
  booktitle = 	 OOPSLA,
  year =	 1987,
  address =	 {Orlando, Florida},
  month =	 oct,
  pages =	 {147--155}
}

@techreport{maffeis93,
  author=	"S. Maffeis",
  title=	"Object-Oriented Distributed Programming with {ELECTRA}",
  institution=	{Institut f\"{u}r Informatik der Universit\"{a}t Z\"{u}rich},
  year=		1993,
  type =	"Technical Report IFI",
  number=	"93.17",
}

@inproceedings{maffeis93a,
  author = 	 {S. Maffeis},
  title = 	 "{ELECTRA} -- Making Distributed Programs Object-Oriented",
  booktitle = 	 {Usenix Symposium on Experiences with Distributed and
                  Multiprocessor Systems},
  year =	 1993,
  address =	 {San Diego, California},
  month =	 sep,
  pages =	 {143--156}
}
@techreport{maheo93,
  author={Y. Mah\'{e}o and J-L. Pazat},
  title="Distributed Array Management for {HPF} Compilers",
  institution={IRISA},
  address={Rennes, France},
  year=1993,
  number=787,
  month=dec,
}

		  
		  
@InCollection{makpangou92,
  author =       "M. Makpangou and Y. Gourhant and J-P Le Narzul and M. Shapiro",
  title =        "Fragmented Objects for Distributed Abstractions",
  booktitle =  "Readings in Distributed Computing Systems",
  publisher = "IEEE Computer Society Press",
  year =         1994,
  editor =       "T. L. Casavant and M. Singhal",
  month =       jul
}



@techreport{manola93,
  author = 	 {F. Manola},
  title = 	 "Meta-Object Protocol Concepts for a {R}isc Object Model",
  institution =  {GTE Laboratories, Inc},
  year = 	 1993,
  number =	 {TR-0244-12-93-165},
  month =	 dec,
}

@TECHREPORT{mckinley94,
    author =      "P.K. McKinley and Y. Tsai and D.F. Robinson",
    title =       "A Survey of Collective Communication in
		  Wormhole-routed Massively Parallel Computers",
    number =      "MSU-CPS-94-35",
    institution = "Department of Computer Science, Michigan State University",
    month =       "June",
    description = {Submitted for publication},
    year =        "1994",
}

@article{mckinley95,
  author = 	 {P.K. McKinley and Y.-J. Tsai and D. Robinson},
  title = 	 "Collective Communication in Wormhole-routed 
Massively Parallel Computers",
  journal = 	 {{IEEE} Computer},
  year = 	 1995,
  OPTkey = 	 {},
  OPTvolume = 	 {},
  OPTnumber = 	 {},
  OPTmonth = 	 dec,
  OPTpages = 	 {39--50},
  OPTnote = 	 {},
  OPTannote = 	 {}
}

@techreport{mosberger93,
title="Memory Consistency Models",
author="D. Mosberger",
institution={Department of Computer Science},
address={University of Arizona},
number={TR 93/11},
year=1993,
}

@article{mosberger93.article,
title="Memory Consistency Models",
author="D. Mosberger",
journal=OSR,
volume=27,
number=1,
year=1993,
month=Jan,
pages={18--26},
}

@inproceedings{mowry92,
  title="Design and Evaluation of a Compiler Algorithm for Prefetching",
  author={T.C. Mowry and M.S. Lam and A. Gupta},
  booktitle={Proceedings of the 5th International Conference on
		  Architectural  Support for Programming Languages and
		  Operating Systems},
  year=1992,
  month=oct,
}

@misc{mpi94,
author={Message Passing Interface Forum},
title="{MPI}: A Message-Passing Interface Standard",
year=1994,
month=mar
}

@misc{mpi95,
author={Message Passing Interface Forum},
title="{M}essage-passing {I}nterface {S}tandard Specification (Version
                  1.1)",
year=1995,
month=jun,
}


@article{norton95,
  author={C.D. Norton and B.K. Szymanski and V.K. Decyk},
  title="Object-Oriented Parallel Computation for Plasma Simulation",
  journal=CACM,
  year=1995,
  month=oct,
  volume=38,
  number=10,
  pages={88--100},
}

@inproceedings{obrien86,
  author = 	"P. O'Brien and B. Bullis and C. Schaffert",
  title = 	"Persistent and Shared Objects in {T}rellis/{O}wl",
  booktitle = 	"Proceedings of the International Workshop on Object-Oriented
                 database Systems",
  pages =       "113--123",
  year = 	1986,
  Publisher = 	"{IEEE} Computer Society Press",
  address = 	"Washington ({USA})",
  month =       sep
}

@Misc{omg95,
  author =	 {Object Management Group},
  title =	 "Object Models",
  howpublished = {OMG Document Draft 3.0},
  year =	 1995,
  month =	 jan
}

@article{ousterhout88,
  author = 	 "J.K. Ousterhout and A.R. Cherenton and
		  F. Douglis and M.N. Nelson and B.B. Welch",
  title = 	 "The {S}prite Network Operating System",
  journal = 	 "Computer",
  year = 	 1988,
  month = 	 feb
}

@PhDThesis{paalvast92,
author={E. Paalvast},
title="Programming for Parallelism and Compiling for Efficiency",
school={Wiskunde en Informatica},
address={Technische Universiteit Delft},
year=1992,
}

@article{panzieri88,
  author = 	"F. Panzieri and S.K. Shrivastava",
  title = 	"Rajdoot: A Remote Procedure Call Mechanism Supporting
		 Orphan Detection and Killing",
  journal = 	ieeese,
  year = 	1988,
  volume = 	14,
  number = 	1,
  pages = 	"30--37",
  month = 	jan
}

@article{parashar96,
  author = 	 {M. Parashar and S. Hariri},
  title = 	 "Compile-Time Performance Prediction of {HPF/Fortran 90D}",
  journal = 	 IEEEPDT,
  year = 	 1996,
  volume =	 4,
  number =	 1,
  month =	 {Spring},
  pages =	 {57--73}
}

@inproceedings{pardyak92,
  author = 	 "P. Pardyak",
  title = 	 "Group Communication in an Object-Based Environment",
  booktitle = 	 {2$^{nd}$ International Workshop on Object Orientation in
	   	 Operating Systems},
  pages = 	 "106--116",
  address = 	 "Dourdon, France",
  month = 	 sep,
  year = 	 1992,
}

@inproceedings{pitts88,
  author = 	 "D.V. Pitts and P. Dasgupta",
  title = 	 "Object Memory and Storage Management in the {\em
		  Clouds} Kernel",
  booktitle = 	  ICDCS,
  year = 	 1988,
  pages = 	 "10--17",
  organization = "{IEEE}",
  address = 	 "San Jos\'{e}, CA{(USA)}",
  month = 	 jun
}



@article{ponnusamy95,
  title="Supporting Irregular Distributions using Data-Parallel
		  Languages",
  author={R. Ponnusamy and Y. Huang and R. Das and J.H. Saltz and
		  A. Choudhary and G. Fox},
  journal=IEEEPDT,
  month={Spring},
  year=1995,
  pages={12-24},
}

@inproceedings{presotto88,
  author = 	"D.L. Presotto",
  title = 	"Plan 9 from {B}ell {L}abs -- The Network",
  booktitle = 	"{EUUG} Spring '88",
  year = 	1988,
  pages = 	"15--21",
  organization = 	"{EUUG}",
  address = 	"London",
  month = 	apr
}

@article{pu88,
  author = 	 "C. Pu and H. Massalin and J. Ioannidis",
  title = 	 "The {S}ynthesis Kernel",
  journal = 	 "Computing Systems",
  year = 	 1988,
  volume = 	 1,
  number = 	 1,
  pages = 	 "12--32"
}

@inproceedings{ramaswamy94,
  author={S. Ramaswamy and S. Sapatnekar and P. Banerjee},
  title="A Convex Programming Approach for Exploiting Data and
		  Functional Parallelism on Distributed Memory
		  Multicomputers",
  booktitle=ICPP,
  year=1994,
  volume=2,
  pages={116--125},
  address =      "Pennsylvania",
}


@article{rashid88,
  author = 	 "R. Rashid and A. Tevanian and M. Young
		 and D. Young and R. Baron and D. Black and
		 W. Bolosky and J. Chew",
  title = 	 "Machine-Independent Virtual Memory Management for
		 Paged Uniprocessor and Multiprocessor Architectures",
  journal = 	 ieeetc,
  year = 	 1988,
  volume = 	 37,
  number = 	 8,
  pages = 	 "896--908",
  month = 	 aug
}

@inproceedings{reinhardt94,
author={S.K. Reinhardt and J.R. Larus and D.A. Wood},
title="Tempest and {T}yphoon: User-Level Shared Memory",
booktitle={ACM/IEEE 21$^{st}$ International Symposium on Computer
		  Architecture},
month=apr,
year=1994,
}

@article{rinard93,
author=		"M.C. Rinard and D.J. Scales and M.S. Lam",
title=		"Jade: A High-Level, Machine-Independent Language for Parallel 
		Programming",
journal=	IIEC,
year=		1993,
month=		jun,
pages=		"28--38",
volume =       26,
number =       6,
}

@inproceedings{robinson93,
   author = "D. F. Robinson and D. Judd and P. K. McKinley and
		  B. H. C. Cheng",
	title = "Efficient Collective Data Distribution in All-Port
		  Wormhole-Routed Hypercubes", 
	booktitle = "Supercomputing '93",
	address =      "Portland, Oregon, USA",
	month = Nov,
	year = 1993,
	pages = "792-801",
}

@article{rogers95,
  author="Rogers, A. and Carlisle, M.C. and Reppy, J.H. and  Hendren, L.J.",
  title="Supporting Dynamic Data Structures on Distributed-Memory Machines",
  journal="{ACM Trans. on Programming Languages and Systems}",
  volume="17",
  number="2",
  month=mar,
  year="1995",
  pages="233--263",
}



@inproceedings{ruhl96,
  author = 	 {T. R\"{u}hl and H. Bal and G. Benson and
                  R. Bhoedjang and K. Langendoen},
  title = 	 "Experience with a Portability Layer for Implementing Parallel Programming Systems",
  booktitle = 	 {Proceedings of the International Conference on Parallel and Distributed Processing Techniques and Applications},
  year =	 1996,
  address =	 {Sunnyvale, CA},
  month =	 aug,
  pages =	 {1477--1488}
}

@article{saavedra94,
author={R.H. Saavedra and W. Mao and K. Hwang},
title="Performance and Optimization of Data Prefetching Strategies in
Scalable Multiprocessors",
journal=JPDC,
year=1994,
volume=22,
pages={427--448},
}

@inproceedings{saltz91,
author={J. Saltz and R. Mirchandaney},
title="The Prepocessed Doacross Loop",
booktitle=ICPP,
year=1991,
pages={174--179},
address={Austin, Texas},
}

@inproceedings{scales91,
  author =       "D. J. Scales and M. C. Rinard and M. S. Lam and
                  J. M. Anderson",
  title =        "Hierarchical Concurrency in {J}ade",
  number =       "4",
  booktitle =    "Fourth Workshop on Languages and Compilers for Parallel
                  Computing",
  year = 1991,
}


@inproceedings{shapiro86,
  author={M. Shapiro},
  title="Structure and Encapsulation in Distributed Systems: The
		  {P}roxy Principle",
  booktitle= ICDCS,
  pages={198--204},
  address={Cambridge, MA},
  month=may,
  year=1986,
}

@inproceedings{sharma94,
  author = 	 {S.D. Sharma and R. Ponnusamy and B. Moon and
                  Y. Hwang and R. Das and J. Saltz},
  title = 	 "Run-time and Compile-time Support for Adaptive
                  Irregular Problems",
  booktitle = 	 {Supercomputing '94},
  address =      "Washington D.C.",
  year =	 1994,
  pages =	 {97--106},
}


@inproceedings{shimizu88,
  author = 	 "K. Shimizu and M. Maekawa and J. Hamano",
  title = 	 "Hierarchical Object Groups in Distributed Operating Systems",
  booktitle = 	 ICDCS,
  year = 	 1988,
  pages = 	 "18--24",
  organization = "{IEEE}",
  address = 	 "San Jos\'{e}, CA{(USA)}",
  month = 	 jun
}

@article{stamos84,
  author = 	"J.W. Stamos",
  title = 	"Static Grouping of Small Objects to Enhance
		 Performance of a Paged Virtual Memory",
  journal = 	tocs,
  year = 	1984,
  volume = 	2,
  number = 	2,
  pages = 	"155--180",
  month = 	may
}

@book{stoer83,
	author={J. Stoer and R. Bulirsh},
	title="Introduction to Numerical Analysis",
	publisher={Springer-Verlag},
	address = {New York, NY},
	year=1983,
}

@inproceedings{sturman94,
  author = 	 {D.C. Sturman and G.A. Agha},
  title = 	 "A Protocol Description Language for Customizing Failure semantics",
  booktitle = 	 {13th International Symposium on Reliable Distributed
                  Systems},
  year =	 1994,
}

@inproceedings{sundaresan95,
  author={N. Sundaresan and D. Gannon},
  title="A Thread Model for Supporting Task and Data Parallelism in
		  Object-Oriented Parallel Languages",
  booktitle=ICPP,
  year=1995,
  pages={45--49},
  volume={II},
  address =      "Oconomowoc, WI",
}
@article{sunderam90,
author={V.M. Sunderam},
title="{PVM}: a Framework for Parallel Distributed Computing",
journal={Concurrency Practice and Experience},
volume=2,
number=4,
pages={315--339},
month=dec,
year=1990,
}


@inproceedings{tag88,
  author = 	 "M.A. Tag and A. Benkiran and G. Durand
		  and M.J. Wilson",
  title = 	 "Design of an Object-Oriented Distributed System:
		  Experience with {CSA}",
  booktitle = 	 "Workshop on the Future Trends of Distributed
		  Computing Systems in the 1990s",
  year = 	 1988,
  pages = 	 "192--201",
  organization = "IEEE",
  address = 	 "Hong Kong",
  month = 	 sep
}

@article{tanenbaum90,
author={A.S. Tanenbaum and R. van Renesse and H. van Staveren and
		  G.J. Sharp and S.J. Mullender and A.J. Jansen and G.
		  van Rossum},
title="Experiences with the {A}moeba Distributed Operating System",
journal=CACM,
volume=33,
pages={46-63},
year=1990,
month=dec,
}

@article{tanenbaum91,
  author="A.S. Tanenbaum and M.F. Kaashoek and R. van Renesse and H.E. Bal",
  title="The {A}moeba Distributed Operating System---A Status Report",
  journal="Computer Communications",
  volume=14,
  month="July/August",
  year=1991,
}

@article{tanenbaum92b,
  author="Tanenbaum, A. S. and Kaashoek, M. F. and Bal, H. E.",
  title="Parallel Programming using Shared Objects and Broadcasting",
  journal=IIEC,
  volume="25",
  number="8",
  pages="10-19",
  year="1992",
  month="August",
}

@techreport{tevanian87,
  author = 	"A. Tevanian, and R. F. Rashid",
  title = 	"{M}ach: A Basis for Future {U}nix Development",
  institution =  Carnegie,
  year =         1987,
  number =       4864,
  address =	pittsburgh
}

@inproceedings{thakur94,
  author = "R. Thakur and A. Choudhary",
  title = "All-to-All Communication on Meshes with Wormhole Routing", 
  booktitle = "Proceedings of the Eighth International Parallel Processing Symposium", 
  month = Apr,
  year = 1994,
}

@inproceedings{watanabe88,
  author = 	 {T. Watanebe and A. Yonezawa},
  title = 	 "Reflection in an Object-Oriented Concurrent Language",
  booktitle = 	 OOPSLA,
  year =	 1988,
  month =	 sep,
  pages =	 {306--315}
}

@inproceedings{wegner87,
  author=	{P. Wagner},
  title=	"Dimensions of Object-Based Language Design",
  booktitle=	{Object-Oriented Programming, Systems, Languages and 
 		Applications},
  year=	1987,
}

@inproceedings{west95,
  author={E.A. West and A.S. Grimshaw},
  title="Braid: Integrating Task and Data Parallelism",
  booktitle=FMPC,
  month=feb,
  year=1995,
  pages={ 211--219},
  address={McLean, Virginia},
}



@article{wilson96,
  title = "An Empirical Assessment of the Usability of Orca Using the
                  Cowichan Problems",
  author = "G.V. Wilson and H.E. Bal",
  journal = IEEEPDT,
  volume = "4",
  number = "3",
  pages ={36--44},
  month = "Fall",
  year = "1996",
}

@inproceedings{young87,
  author = 	"M. Young and A. Tevanian and R. Rashid
		 and D. Golub and J. Eppinger and J.
		 Chew and W. Bolosky and D. Black and R. Baron",
  title = 	"The Duality of Memory and Communication in the
		 Implementation of a Multiprocessor Operating System",
  booktitle = 	sosp11,
  year = 	1987,
  pages = 	"63--76",
  organization = "{ACM}",
  address = 	"Austin {TX} ({USA})",
  month = 	nov
}

@inproceedings{Subhlok:1997,
    title = "A New Model for Integrated Nested Task and Data Parallel Programming",
    author = {J. Subhlok and B. Yang},
    booktitle = "Proceedings of the ACM Symposium on Principles and Practice of
	Parallel Programming",
    month = jun,
    address = {Las Vegas, NV},
    pages = {1--12},
    year = {1997}
}

@misc{hpf-2,
   author = "{High~Performance~Fortran~Forum}",
   title = "{H}igh {P}erformance {F}ortran Language Specification,
	Draft Version 2.0",
    month = dec,
    year = {1996},
}

@inproceedings{Scales:1996,
  title = "Shasta: A Low Overhead, Software-Only Approach for Supporting Fine-Grain Shared Memory",
  author = "D.J.~Scales and K.~Gharachorloo and C.A.~Thekkath",
  booktitle =ASPLOSVII,
  address = "Cambridge, MA",
  month = oct,
  year = 1996,
  pages = {174--185}
}

@inproceedings{Johnson:1995,
  author =       "K.L.~Johnson and M.F.~Kaashoek and D.A.~Wallach",
  title =        "{CRL}: High-performance All-Software Distributed Shared
		  Memory",
  pages =        "213-228",
  booktitle =    "Proceedings of the 15th ACM Symposium on Operating Systems Principles",
  address =      "Copper Mountain, CO",
  year =         1995,
  month =        dec,
}

@article{Bal:1998,
  author = 		 {H.E.~Bal and R.A.F.~Bhoedjang and R.~Hofman and
                  C.~Jacobs and K.G.~Langendoen and T.~R\"uhl and
                  M.F.~Kaashoek},
  title = 		 "Performance Evaluation of the {O}rca Shared Object
                  System",
  journal = 	 ACMTCS,
  pages = "1-40",
  volume = 16,
  number = 1,
  year = 		 "1998",
  month =		 feb
}

@article{Bal:1998b,
  author = 		 {H.E. Bal and R. Bhoedjang and K. Langendoen and F. Breg},
  title = 		 "Experience with Parallel Symbolic Applications in {O}rca",
  journal = 	 "Journal of Programming Languages",
  year = 		 "1998",
}

@inproceedings{Keleher:1997,
  title = "Enhancing Software {DSM} for Compiler-Parallelized Applications",
  author = "P.~Keleher and C-W.~Tseng",
  booktitle = "Proceedings of the 11th International Parallel Processing Symposium",
  address = "Geneva, Switzerland",
  month = apr,
  year = 1997,
  pages = "490-499"
}

@inproceedings{Cox:1997,
  title = "Evaluating the Performance of Software Distributed Shared Memory",
  author = "A.L. Cox and S. Dwarkadas and H. Lu and W. Zwaenepoel",
  booktitle = "Proceedings of the 11th International Parallel Processing Symposium",
  address = "Geneva, Switzerland",
  month = apr,
  year = 1997,
  pages = "474-482"
}

@article{Reeuwijk:1996,
  author = 		 {K. van Reeuwijk and W. Denissen and H.J. Sips and E.M.R.M. Paalvast},
  title = 		 "An Implementation Framework for {HPF} Distributed Arrays on Message Passing Parallel Computer Systems",
  journal = IEEETPDS,
  year = 		 1996,
  month =		 sep,
  volume = 7,
  number = 9,
  pages = "897--914",
}



@techreport{maheo:1993,
  author={Y. Maheo and J-L. Pazat},
  title="Distributed Array Management for {HPF} Compilers",
  institution={Irisa},
  year=1993,
  number={Publication interne 787},
  address={Rennes Cedex, France},
  month=dec,
}

@article{bal98,
author=		"H.E. Bal and M. Haines",
title=		"Approaches for Integrating Task and Data Parallelism",
journal=	"IEEE Concurrency",
year=		1998,
volume=		6,
number=		3,
pages=		"74--84",
}

@inproceedings{chatterjee93,
  author =	"S. Chatterjee and J.R. Gilbert and F.J.E. Long and
		 R. Schreiber and S-H. Teng",
  title = 	"Generating Local Addresses and Communication Sets
		 for Data-Parallel Programs",
  booktitle =   "Proceedings of the ACM Symposium on Principles and Practice of
		 Parallel Programming",
  address =	"San Diego, CA",
  month =	may,
  year =	1993,
  pages =	"149--158",
  }

@article{bal97,
  title="Performance of a High-Level Parallel Language on a High-Speed Network",
  author="H. Bal and R. Bhoedjang and R. Hofman and C. Jacobs and
 	K. Langendoen and T. R{\"u}hl and K. Verstoep",
  pages="49--64",
  journal="{J. Parallel Distrib. Comput.}",
  year=1997,
  month=jan,
  volume=40,
  number=1,
}

@inproceedings{Brown:1997,
  author = 	 {A.~Brown and M.~Seltzer},
  title = 	 "Operating System Benchmarking in the Wake of
                  {L}mbench: A Case Study of the Performance of {NetBSD}
                  on the {I}ntel x86 Architecture",
  booktitle = 	 "{Proceedings of the 1997 ACM SIGMETRICS Conference on Measurement and
		      Modeling of Computer Systems}",
  year =	 1997,
  address =	 {Seattle, WA},
  month =	 jun,
  pages =	 {214--224},
}

@inproceedings{bhoedjang98,
author={R. Bhoedjang and T. R\"{u}hl and H.E. Bal},
title="Efficient Multicast on {M}yrinet Using Link-Level Flow Control",
booktitle=ICPP,
year=1998,
month =	 aug,
address = {Minneapolis, MN},
pages = {381--390},
}
