
@InProceedings{asci95,
  author = {S. {Ben~Hassen}},
  title = "Design and Implementation of Nonblocking Collective
		  Operations on a Large-scale Switched Network",
  booktitle = {Proceedings of the
		  First Annual Conference of the Advanced School
		  for Computing and Imaging},
  address={The Netherlands},
  year=1995,
  pages={1--10},
}

@InProceedings{asci96,
  author = 	 {S. {Ben~Hassen} and T. R\"uhl and C.J.H. Jacobs},
  title = 	 "Implementation of a Portable Runtime System
                  Supporting Mixed Task- and Data-Parallelism",
  booktitle = 	 {Proceedings of the
		  Second Annual Conference of the Advanced School
		  for Computing and Imaging},
  year =	 1996,
  address =	 {The Netherlands},
  month =	 jun,
}

@article{cpe94,
  author="A.S. Tanenbaum and H.E. Bal and S. {Ben~Hassen} and M.F. Kaashoek",
  title="An Object-Based Approach to Programming Distributed Systems",
  journal="Concurrency Practice \& Experience",
  month=jun,
  volume=6,
  number=4,
  pages={235--249},
  year=1994,
}

@phdthesis{diss93,
author={S. {Ben~Hassen}},
title="Architecture for Fault-Tolerant Program Execution on Large
		  Scale Parallel Hypercubes",
year=1993,
school={University of Houston, Texas},
}



@inproceedings{hicss96,
  author={S. {Ben~Hassen}},
  title="Prefetching Strategies for Partitioned Shared Objects",
  booktitle={Proceedings of the 29th Hawaii International
		  Conference on System Sciences},
  year=1996,
  month=jan,
  address={Maui, Hawaii},
  pages={261--271},
}

@InProceedings{icdcs92,
  author={S. {Ben~Hassen} and M. Rusinkiewicz},
  title="On Serialization of Distributed Nested Transactions",
  booktitle={IEEE Conference on Distributed Computing Systems},
  year=1992,
  address={Japan},
}

@inproceedings{ics96,
  author={S. {Ben~Hassen} and H.E. Bal},
  title="Integrating Task and Data Parallelism using Shared Objects",
  booktitle={Proceedings of the 10th {ACM} International Conference on Supercomputing},
  year=1996,
  address={Philadelphia, PA},
  month=may,
  pages={317--324},
}

@inproceedings{oopsla96,
  author={S. {Ben~Hassen} and I. Athanasiu and H.E. Bal},
  title="A Flexible Operation Execution Model for Shared Distributed
Objects",
  booktitle={Proceedings of the Conference on Object-Oriented
                  Programming Systems, Languages and Applications
                  (OOPSLA '96)},
  month=oct,
  year=1996,
  pages = {30--50},
  address={San Jose, California},
}

@article{jpaa97,
  author =	 {S. {Ben~Hassen} and H.E. Bal and A.S. Tanenbaum},
  title =	 "Hawk: A Runtime System for Partitioned Objects",
  journal=	{J. Parallel Alg. and Appl.},
  volume=	12,
  number=	"1-3",
  pages=	"205--230",
  month=	aug,
  year=1997,
}


@mastersthesis{thesis89,
author={S. {Ben~Hassen}},
title="Neural Networks: Comprehensive View and Case Studies",
year=1989,
school={University of Houston, Texas},
}

@TechReport{uh92a,
author={S. {Ben~Hassen} and F.B. Bastani},
title="Design and Implementation of a Fault-tolerant 
Content-addressable Memory",
institution = {University of Houston },
year = 	1992,
number = {UH-CS-92-06},
address= {Houston, TX},
}

@TechReport{uh92b,
author={S. {Ben~Hassen} and M. Rusinkiewicz},
title="Concurrency Control of Distributed Nested Transactions",
institution = {University of Houston },
year = 	1992,
number = {UH-CS-92-02},
address= {Houston, TX},
}

@TechReport{uh92c,
author={S. {Ben~Hassen} and F. B. Bastani},
title="A Fault-Tolerant Implementation of Parallel Access Tickets",
institution = {University of Houston },
year = 	1992,
number = {UH-CS-??},
address= {Houston, TX},
}

